<record><leader>00000cas a22000007a 4500</leader><controlfield tag="001">15370478</controlfield><controlfield tag="008">870326d19651967txucr ne      0    0eng d</controlfield><datafield ind1=" " ind2=" " tag="010"><subfield code="a">sn 87090050 </subfield></datafield><datafield ind1=" " ind2=" " tag="040"><subfield code="a">PPM</subfield><subfield code="b">eng</subfield><subfield code="c">PPM</subfield><subfield code="d">OCL</subfield><subfield code="d">PPM</subfield><subfield code="d">OCLCQ</subfield></datafield><datafield ind1=" " ind2=" " tag="042"><subfield code="a">msc</subfield></datafield><datafield ind1="0" ind2="4" tag="245"><subfield code="a">The Pecos independent-news and enterprise.</subfield></datafield><datafield ind1=" " ind2=" " tag="260"><subfield code="a">Pecos, Tex. :</subfield><subfield code="b">Fred W. Janca,</subfield><subfield code="c">1965-1967.</subfield></datafield><datafield ind1=" " ind2=" " tag="310"><subfield code="a">Semiweekly</subfield></datafield><datafield ind1="0" ind2=" " tag="362"><subfield code="a">Vol. 78, no. 11 (Aug. 6, 1965)-v. 79, no. 59 ((Feb. 24, 1967).</subfield></datafield><datafield ind1=" " ind2=" " tag="752"><subfield code="a">United States</subfield><subfield code="b">Texas</subfield><subfield code="c">Reeves</subfield><subfield code="d">Pecos.</subfield></datafield><datafield ind1="0" ind2="4" tag="780"><subfield code="t">Pecos independent and enterprise</subfield><subfield code="w">(DLC)sn 86088991</subfield></datafield><datafield ind1="0" ind2="4" tag="780"><subfield code="t">Pecos news</subfield><subfield code="w">(DLC)sn 87090049</subfield></datafield><datafield ind1="0" ind2="0" tag="785"><subfield code="t">Pecos enterprise and independent-news</subfield><subfield code="w">(DLC)sn 87090051</subfield></datafield></record>